<?xml version="1.0" encoding="UTF-8"?><collection xmlns="http://www.loc.gov/MARC21/slim"><record><leader>00745nam--2200193-i-4500</leader><controlfield tag="001">000013023</controlfield><controlfield tag="002">20161230</controlfield><controlfield tag="005">20161230201030</controlfield><controlfield tag="008">060222s1000------------r-----000-0-eng-d</controlfield><datafield ind1=" " ind2=" " tag="040"><subfield code="a">IFIN-HH</subfield></datafield><datafield ind1=" " ind2=" " tag="080"><subfield code="a">533.932. 621.039.62 (061.3)</subfield></datafield><datafield ind1="1" ind2=" " tag="100"><subfield code="a">Coppi, B</subfield></datafield><datafield ind1="1" ind2="0" tag="245"><subfield code="a">Theory of magnetically confined plasmas</subfield><subfield code="b">Proceedings of the Course held in Varenna, Italy 1-10 September 1977. International Scchool of Plasma Physics Villa Monastero, Varenna, Italy</subfield><subfield code="c">B. Coppi, T. Stringer, R. Pozzoli, E. Sidoni, J.P. Carnihan, G.G. Leotta (Eds.)</subfield></datafield><datafield ind1=" " ind2=" " tag="260"><subfield code="a">Oxford, Pergamon Press, 1979</subfield></datafield><datafield ind1=" " ind2=" " tag="300"><subfield code="a">X + 513 P</subfield></datafield><datafield ind1=" " ind2=" " tag="490"><subfield code="a">International School of Plasma Physics</subfield></datafield><datafield ind1="1" ind2=" " tag="700"><subfield code="a">Carnihan, J.P</subfield></datafield><datafield ind1=" " ind2=" " tag="852"><subfield code="a">47019</subfield><subfield code="c">533.9</subfield></datafield><datafield ind1=" " ind2=" " tag="CAT"><subfield code="a">Sys</subfield><subfield code="c">20100929</subfield><subfield code="h">095857</subfield></datafield></record></collection>